<?xml version="1.0" encoding="UTF-8"?>
<collection xmlns="http://www.loc.gov/MARC21/slim">
  <record>
    <leader>24020cas a2202137   4500</leader>
    <controlfield tag="001">a358041</controlfield>
    <controlfield tag="008">790219c18979999enkwr p       0    1eng d</controlfield>
    <datafield tag="245" ind1="0" ind2="0">
      <subfield code="a">Country life.</subfield>
    </datafield>
  </record>