
  <record>
    <leader>67758cas a2205593 a 4500</leader>
    <controlfield tag="001">a4244164</controlfield>
    <controlfield tag="008">750824c19699999miumr1   a    0   a0eng d</controlfield>
    <datafield tag="245" ind1="1" ind2="0">
      <subfield code="a">Dissertation abstracts international.</subfield>
    </datafield>
    <datafield tag="856" ind1="4" ind2="1">
      <subfield code="z">Available to Stanford-affiliated users at:</subfield>
      <subfield code="u">http://proquest.umi.com/login?COPT=REJTPUcyODcrNTUxNSZJTlQ9MCZWRVI9Mg==&amp;clientId=12498</subfield>
    </datafield>
  </record>