
  <record>
    <leader>12600cas a2201345 a 4500</leader>
    <controlfield tag="001">a4244164</controlfield>
    <controlfield tag="008">750824c19699999miumr1   a    0   a0eng d</controlfield>
    <datafield tag="245" ind1="1" ind2="0">
      <subfield code="a">Dissertation abstracts international.</subfield>
    </datafield>
  </record>