
  <record>
    <leader>13198cas a2201309 a 4500</leader>
    <controlfield tag="001">a495435</controlfield>
    <controlfield tag="008">900810c19899999po mr p       0    0por  </controlfield>
    <datafield tag="245" ind1="0" ind2="0">
      <subfield code="a">Exame.</subfield>
    </datafield>
  </record>