
  <record>
    <leader>03951nas a2200541 a 4500</leader>
    <controlfield tag="001">a2416921</controlfield>
    <controlfield tag="008">921204c19919999se su  e      0    0eng d</controlfield>
    <datafield tag="245" ind1="1" ind2="4">
      <subfield code="a">The People.</subfield>
    </datafield>
  </record>