
  <record>
    <leader>06912cas a2200709   4500</leader>
    <controlfield tag="001">a358725</controlfield>
    <controlfield tag="008">790219c19059999enkuu         0    0eng d</controlfield>
    <datafield tag="245" ind1="0" ind2="4">
      <subfield code="a">The Dickensian.</subfield>
    </datafield>
    <datafield tag="856" ind1="4" ind2="2">
      <subfield code="z">Online table of contents from PCI available to Stanford-affiliated users:</subfield>
      <subfield code="u">http://gateway.proquest.com/openurl?ctx_ver=Z39.88-2003&amp;ctx_fmt=ori:format:pl:ebnf:context&amp;rft_val_fmt=ori:format:pl:ebnf:journal&amp;res_id=xri:pci-us&amp;rft_id=xri:pci:4086&amp;res_dat=xri:pqil:res_ver=0.1</subfield>
      <subfield code="3">Coverage: V. 1 (Jan. 1905)-</subfield>
      <subfield code="x">PCI4086</subfield>
    </datafield>
  </record>