
  <record>
    <leader>46608cas a2205065   4500</leader>
    <controlfield tag="001">a488789</controlfield>
    <controlfield tag="008">790220c19479999gw wr p       0    0ger d</controlfield>
    <datafield tag="245" ind1="1" ind2="4">
      <subfield code="a">Der Spiegel.</subfield>
    </datafield>
  </record>