
  <record>
    <leader>25262cas a2202257   4500</leader>
    <controlfield tag="001">a485668</controlfield>
    <controlfield tag="008">790219c19099999nyuwn1p       0   a0eng d</controlfield>
    <datafield tag="245" ind1="0" ind2="0">
      <subfield code="a">America.</subfield>
    </datafield>
  </record>