
  <record>
    <leader>01895cas a2200397   4500</leader>
    <controlfield tag="001">a371676</controlfield>
    <controlfield tag="008">790219c19639999nyuen    o    0    0eng  </controlfield>
    <datafield tag="245" ind1="0" ind2="4">
      <subfield code="a">The New York review of books.</subfield>
    </datafield>
  </record>