
  <record>
    <leader>39298cas a2203277u  4500</leader>
    <controlfield tag="001">a491261</controlfield>
    <controlfield tag="008">820816c19689999gw wr p       0   b0ger d</controlfield>
    <datafield tag="245" ind1="0" ind2="0">
      <subfield code="a">Stern Magazin.</subfield>
    </datafield>
  </record>