
  <record>
    <leader>48216cas a2204045 a 4500</leader>
    <controlfield tag="001">a487531</controlfield>
    <controlfield tag="008">751101c19149999nyuwn1p   o   0   a0eng  </controlfield>
    <datafield tag="245" ind1="0" ind2="4">
      <subfield code="a">The new republic.</subfield>
    </datafield>
  </record>