
  <record>
    <leader>68942nas a22077057a 4500</leader>
    <controlfield tag="001">a2471077</controlfield>
    <controlfield tag="008">930303c199uuuuucau x m       0    0eng d</controlfield>
    <datafield tag="245" ind1="0" ind2="0">
      <subfield code="a">[Monographs]</subfield>
    </datafield>
  </record>