
  <record>
    <leader>08273nas a22010697a 4500</leader>
    <controlfield tag="001">a2471077</controlfield>
    <controlfield tag="008">930303c199uuuuucau x m       0    0eng d</controlfield>
    <datafield tag="245" ind1="0" ind2="0">
      <subfield code="a">[Monographs]</subfield>
    </datafield>
    <datafield tag="999" ind1=" " ind2=" ">
      <subfield code="a">Q180 .A1 R3625 NO.1257</subfield>
      <subfield code="w">LCPER</subfield>
      <subfield code="c">1</subfield>
      <subfield code="i">36105210939679</subfield>
      <subfield code="l">STACKS</subfield>
      <subfield code="m">GREEN</subfield>
      <subfield code="r">Y</subfield>
      <subfield code="s">Y</subfield>
      <subfield code="t">STKS-MONO</subfield>
      <subfield code="u">11/18/2010</subfield>
    </datafield>
  </record>