
  <record>
    <leader>67900cas a2205881   4500</leader>
    <controlfield tag="001">a3195843</controlfield>
    <controlfield tag="008">790220c18459999nyumr p       0   a0eng  </controlfield>
    <datafield tag="245" ind1="0" ind2="0">
      <subfield code="a">Scientific American.</subfield>
    </datafield>
  </record>