
  <record>
    <leader>67888cas a2205893   4500</leader>
    <controlfield tag="001">a362573</controlfield>
    <controlfield tag="008">790219c19309999caudn1pe      0   a0eng d</controlfield>
    <datafield tag="245" ind1="0" ind2="4">
      <subfield code="a">The Hollywood reporter.</subfield>
    </datafield>
  </record>