
  <record>
    <leader>12347cas a2201237 a 4500</leader>
    <controlfield tag="001">a5340361</controlfield>
    <controlfield tag="008">020730c20029999nyuwn1p       0   a0eng c</controlfield>
    <datafield tag="245" ind1="1" ind2="0">
      <subfield code="a">People.</subfield>
    </datafield>
  </record>