
  <record>
    <leader>03316cas a2200529 a 4500</leader>
    <controlfield tag="001">a3974376</controlfield>
    <controlfield tag="008">870915c19899999mau xz    s   0   a0eng d</controlfield>
    <datafield tag="245" ind1="0" ind2="0">
      <subfield code="a">Journal of productivity analysis.</subfield>
    </datafield>
  </record>