
  <record>
    <leader>07427nas a2200937 a 4500</leader>
    <controlfield tag="001">a484112</controlfield>
    <controlfield tag="008">900402c19909999fr sr p  b    0   b0fre d</controlfield>
    <datafield tag="245" ind1="0" ind2="0">
      <subfield code="a">Bibliographie nationale francaise.</subfield>
    </datafield>
  </record>