
  <record>
    <leader>05799cas a2200781 a 4500</leader>
    <controlfield tag="001">a4030565</controlfield>
    <controlfield tag="008">980715d19992005nyumn1p       0   a0eng d</controlfield>
    <datafield tag="245" ind1="0" ind2="0">
      <subfield code="a">Entertainment design.</subfield>
    </datafield>
  </record>
</collection>